@STRING{baps	= "Bull. Am. Phys. Soc." }
@STRING{cpc	= "Comput. Phys. Commun." }
@STRING{cpp	= "Contrib. Plasma Phys." }
@STRING{fst	= "Fus. Sci. Tech." }
@STRING{jcp	= "J. Comput. Phys." }
@STRING{jetp	= "JETP Lett." }
@STRING{jnm	= "J. Nucl. Mater." }
@STRING{jpcon	= "J. Phys: Conf. Series" }
@STRING{jpfr	= "J. Plasma Fusion Res. SERIES" }
@STRING{jpp	= "J. Plasma Phys." }
@STRING{nf	= "Nucl. Fusion" }
@STRING{njp	= "New J. Phys." }
@STRING{pf	= "Phys. Fluids" }
@STRING{pfb	= "Phys. Fluids B" }
@STRING{pop	= "Phys. Plasmas" }
@STRING{pp	= "Plasma Phys." }
@STRING{ppcf	= "Plasma Phys. Control. Fusion" }
@STRING{pre	= "Phys. Rev. E" }
@STRING{prl	= "Phys. Rev. Lett." }
@STRING{rmp	= "Rev. Mod. Phys." }
@STRING{tps	= "IEEE Trans. Plasma Sci." }


@Article{	  belli:2005,
  author =	 {E.A. Belli and G.W. Hammett},
  title =	 {{{A numerical instability in an ADI algorithm for
                  gyrokinetics}}},
  journal =	 cpc,
  volume =	 172,
  pages =	 119,
  year =	 2005
}

@Article{	  belli:2008,
  author =	 {E.A. Belli and J. Candy},
  title =	 {Kinetic Calculation of Neoclassical Transport
                  Including Self-Consistent Electron and Impurity
                  Dynamics},
  journal =	 ppcf,
  volume =	 50,
  pages =	 095010,
  year =	 2008
}

@Article{	  belli:2008b,
  author =	 {E.A. Belli and G.W. Hammett and W. Dorland},
  title =	 {Effects of plasma shaping on nonlinear gyrokinetic
                  turbulence},
  journal =	 pop,
  volume =	 15,
  pages =	 092303,
  year =	 2008
}

@Article{	  belli:2009,
  author =	 {E.A. Belli and J. Candy},
  title =	 {{{An Eulerian method for the solution of the
                  multi-species drift-kinetic equation}}},
  journal =	 ppcf,
  volume =	 51,
  pages =	 075018,
  year =	 2009
}

@Article{	  belli:2010,
  author =	 {E.A. Belli and J. Candy},
  title =	 {Fully electromagnetic gyrokinetic eigenmode analysis
                  of high-beta shaped plasmas},
  journal =	 pop,
  volume =	 17,
  pages =	 112314,
  year =	 2010
}

@Article{	  belli:2012,
  author =	 {E.A. Belli and J. Candy},
  title =	 {{{Full linearized Fokker-Planck collisions in
                  neoclassical transport simulations}}},
  journal =	 ppcf,
  volume =	 54,
  pages =	 015015,
  year =	 2012
}

@Article{	  belli:2014,
  author =	 {E.A. Belli and J. Candy},
  title =	 {{{Limitations of bootstrap current models}}},
  journal =	 ppcf,
  volume =	 56,
  pages =	 045006,
  year =	 2014
}

@Article{         belli:2014b,
  author =	 {E.A. Belli and J. Candy},
  title =	 {{{Pfirsch-Schl\"uter Neoclassical Impurity Transport
                  in a Rotating Plasma}}},
  journal =	 ppcf,
  volume =	 56,
  pages =	 124005,
  year =	 2014
}

@Article{         belli:2015,
  author =	 {E.A. Belli and J. Candy},
  title =	 {{{Neoclassical transport in toroidal plasmas with
                  nonaxisymmetric flux surfaces}}},
  journal =	 ppcf,
  volume =	 57,
  pages =	 054012,
  year =	 2015
}

@Article{         belli:2017,
  author =	 {E.A. Belli and J. Candy},
  title =	 {Implications of advanced collision operators for gyrokinetic simulation},
  journal =	 ppcf,
  volume =	 59,
  pages =	 045005,
  year =	 2017
}

@Article{         belli:2018,
  author =	 {E.A. Belli and J. Candy},
  title =	 {Impact of centrifugal drifts on ion turbulent transport},
  journal =	 pop,
  volume =	 25,
  pages =	 032301,
  year =	 2018
}

@Article{	  candy:1997,
  author =	 {J. Candy and D. Borba and H.L. Berk and
                  G.T.A. Huysmans and W. Kerner},
  title =	 {Nonlinear interaction of fast particles with
                  {{Alfv\en}} waves in toroidal plasmas},
  journal =	 pop,
  volume =	 4,
  pages =	 2597,
  year =	 1997
}

@Article{	  candy:2003,
  author =	 {J. Candy and R.E. Waltz},
  title =	 {{{An Eulerian gyrokinetic-Maxwell solver}}},
  journal =	 jcp,
  volume =	 186,
  pages =	 545,
  year =	 2003
}

@Article{	  candy:2003b,
  author =	 {J. Candy and R.E. Waltz},
  title =	 {Anomalous Transport in the {{DIII-D}} Tokamak
                  Matched by Supercomputer Simulation},
  journal =	 prl,
  volume =	 91,
  pages =	 {045001-1},
  year =	 2003
}

@Article{	  candy:2004a,
  author =	 {J. Candy and R.E. Waltz and W. Dorland},
  title =	 {The local limit of global gyrokinetic simulations},
  journal =	 pop,
  volume =	 11,
  pages =	 {L25},
  year =	 2004
}

@Article{	  candy:2004b,
  author =	 {J. Candy and R.E. Waltz and M.N. Rosenbluth},
  title =	 {Smooothness of turbulent transport across a
                  {{minimum-$q$}} surface},
  journal =	 pop,
  volume =	 11,
  pages =	 1879,
  year =	 2004
}

@Article{	  candy:2005,
  author =	 {J. Candy},
  title =	 {Beta scaling of transport in microturbulence
                  simulations},
  journal =	 pop,
  volume =	 12,
  pages =	 072307,
  year =	 2005
}

@Article{	  candy:2006,
  author =	 {J. Candy and R.E. Waltz},
  title =	 {Velocity-space resolution, entropy production and
                  upwind dissipation in {{Eulerian}} gyrokinetic
                  simulations},
  journal =	 pop,
  volume =	 13,
  pages =	 032310,
  year =	 2006
}

@Article{	  candy:2006b,
  author =	 {J. Candy and R.E. Waltz and S.E. Parker and Y. Chen},
  title =	 {Relevance of the parallel nonlinearity in
                  gyrokinetic simulations of tokamak plasmas},
  journal =	 pop,
  volume =	 13,
  pages =	 074501,
  year =	 2006
}

@TechReport{	  candy:2006c,
  author =	 {J. Candy and R.E. Waltz},
  title =	 {Coupled {{ITG/TEM-ETG}} gyrokinetic simulations},
  institution =	 {General Atomics Report GA-A25566},
  year =	 2006,
  month =	 {August}
}

@Article{	  candy:2007,
  author =	 {J. Candy and R.E. Waltz and M.R. Fahey and
                  C. Holland},
  title =	 {The effect of ion-scale dynamics on
                  electron-temperature-gradient turbulence},
  journal =	 ppcf,
  volume =	 49,
  pages =	 1209,
  year =	 2007
}

@Article{	  candy:2009,
  author =	 {J. Candy and C. Holland and R.E. Waltz and
                  M.R. Fahey and E. Belli},
  title =	 {Tokamak profile prediction using direct gyrokinetic
                  and neoclassical simulation},
  journal =	 pop,
  volume =	 16,
  pages =	 060704,
  year =	 2009
}

@Article{	  candy:2009b,
  author =	 {J. Candy},
  title =	 {A unified method for operator evaluation in local
                  {{Grad-Shafranov}} plasma equilibria},
  journal =	 ppcf,
  volume =	 51,
  pages =	 105009,
  year =	 2009
}

@Article{	  candy:2010,
  author =	 {J. Candy and E. Belli},
  title =	 {{{GYRO Technical Guide}}},
  journal =	 {General Atomics Technical Report},
  volume =	 {GA-A26818},
  year =	 2010
}

@Article{	  candy:2011,
  author =	 {J. Candy and E.A. Belli},
  title =	 {Neoclassical Transport Including Collisional
                  Nonlinearity},
  journal =	 prl,
  volume =	 106,
  pages =	 235003,
  year =	 2011
}

@Article{        candy:2013,
  author =	 {J. Candy},
  title =	 {Turbulent energy exchange: Calculation and relevance
                  for profile prediction},
  journal =	 POP,
  volume =	 20,
  pages =	 082503,
  year =	 2013
}

@Article{	  candy:2015,
  author =	 {J. Candy and E.A. Belli},
  title =	 {{{Nonaxisymmetric local magnetostatic equilibrium}}},
  journal =	 jpp,
  volume =	 81,
  pages =	 905810323,
  year =	 2015
}

@Article{	  candy:2016,
  author =	 {J. Candy and E.A. Belli and R.V. Bravenec},
  title =	 {{{A high-accuracy Eulerian gyrokinetic solver for
                  collisional plasmas}}},
  journal =	 jcp,
  volume =	 324,
  pages =	 73,
  year =	 2016
}

@Article{	  candy:2018,
  author =	 {J. Candy and E.A. Belli},
  title =	 {{{Spectral treatment of gyrokinetic shear flow}}},
  journal =	 jcp,
  volume =       356,
  pages =	 448,
  year =	 2018
}

@Article{	  kinsey:2003,
  author =	 {J.E. Kinsey and G. Bateman and T. Onjun and
                  A.H. Kritz and A. Pankin and G.M. Staebler and
                  R.E. Waltz},
  title =	 {Burning plasma projections using drift-wave
                  transport models and scalings for the H-mode
                  pedestal},
  journal =	 nf,
  volume =	 43,
  pages =	 1845,
  year =	 2003
}

@Article{	  kinsey:2005,
  author =	 {J.E. Kinsey and R.E. Waltz and J. Candy},
  title =	 {Nonlinear gyrokinetic turbulence simulations of
                  {{E$\times$B}} shear quenching of transport},
  journal =	 pop,
  volume =	 12,
  pages =	 062302,
  year =	 2005
}

@Article{	  kinsey:2006,
  author =	 {J.E. Kinsey and R.E. Waltz and J. Candy},
  title =	 {The effect of safety factor and magnetic shear on
                  turbulent transport in nonlinear gyrokinetic
                  simulations},
  journal =	 pop,
  volume =	 13,
  pages =	 022305,
  year =	 2006
}

@Article{	  kinsey:2007,
  author =	 {J.E. Kinsey and R.E. Waltz and J. Candy},
  title =	 {The effect of plasma shaping on turbulent transport
                  and {{E$\times$B}} shear quenching in nonlinear
                  gyrokinetic simulations},
  journal =	 pop,
  volume =	 14,
  pages =	 102306,
  year =	 2007
}

@Article{	  kinsey:2008,
  author =	 {J.E. Kinsey and G.M. Staebler and R.E. Waltz},
  title =	 {The first transport code simulations using the
                  trapped gyro-Landau-fluid model},
  journal =	 pop,
  volume =	 15,
  pages =	 055908,
  year =	 2008
}

@Article{	  kinsey:2011,
  author =	 {J.E. Kinsey and G.M. Staebler and J. Candy and
                  R.E. Waltz and R.V. Budny},
  title =	 {{{ITER}} predictions using the {{GYRO}} verified and
                  experimentally validated trapped gyro-Landau fluid
                  transport model},
  journal =	 nf,
  volume =	 51,
  pages =	 083001,
  year =	 2011
}

@Article{	  staebler:2005,
  author =	 {G.M. Staebler and J.E. Kinsey and R.E. Waltz},
  title =	 {{{Gyro-Landau}} fluid equations for trapped and
                  passing particles},
  journal =	 pop,
  volume =	 12,
  pages =	 102508,
  year =	 2005
}

@Article{	  staebler:2007,
  author =	 {G.M. Staebler and J.E. Kinsey and R.E. Waltz},
  title =	 {A theory-based transport model with comprehensive
                  physics},
  journal =	 pop,
  volume =	 14,
  pages =	 055909,
  year =	 2007
}

@Article{	  staebler:2008,
  author =	 {G.M. Staebler and G. Colyer and S. Kaye and
                  J.E. Kinsey and R.E. Waltz},
  title =	 {Testing the {{Trapped Gyro-Landau Fluid}} transport
                  model with data from tokamaks and spherical tori},
  journal =	 {Proceedings of the 22nd IAEA Fusion Energy
                  Conference, Geneva, Switerland, 2008},
  pages =	 {TH/P8-42},
  year =	 2008
}

@Article{	  staebler:2010,
  author =	 {G.M. Staebler and J.E. Kinsey},
  title =	 {Electron collisions in the trapped gyro-Landau fluid
                  transport model},
  journal =	 pop,
  volume =	 17,
  pages =	 122309,
  year =	 2010
}

@Article{	  staebler:2011,
  author =	 {G.M. Staebler and R.E. Waltz and J.E. Kinsey},
  title =	 {Discoveries from the exploration of gyrokinetic
                  momentum transport},
  journal =	 pop,
  volume =	 18,
  pages =	 056106,
  year =	 2011
}

@Article{	  staebler:2013,
  author =	 {G.M. Staebler and R.E. Waltz and J. Candy and J.E.
                  Kinsey},
  title =	 {A new paradigm for suppression of gyrokinetic
                  turbulence by velocity shear},
  journal =	 prl,
  volume =	 110,
  pages =	 055003,
  year =	 2013
}
