@STRING{nf  = "Nucl.~Fusion"}
@STRING{prl = "Phys.~Rev.~Lett."}

@Article{casati:2009,
author	= {A. Casati and T. Gerbaud and P. Hennequin and C. Bourdelle
           and J. Candy and F. Clairet and X. Garbet and V. Grandgirard 
           and O.D. Gurcan and S. Heuraux and G.T. Hoang and C. {{{Honor\'e}}} 
           and F. Imbeaux, and R. Sabot and Y. Sarazin and L. Vermare and R.E. Waltz},
title	= {Turbulence in the {{TORE SUPRA}} Tokamak: Measurements and
	   Validation of Nonlinear Simulations},
journal	= prl,
volume	= 102,
pages	= 165005,
year	= 2009}

@Article{howard:2012,
author	= {N.T. Howard and M. Greenwald and D.R. Mikkelsen and 
           M.L. Reinke and A.E. White and D. Ernst and Y. Podpaly and J. Candy},
title	= {Quantitative comparison of experimental impurity transport with 
           nonlinear gyrokinetic simulation in an {{Alcator C-Mod L-mode}} plasma},
journal	= nf,
volume	= 52,
pages	= 063002,
year	= 2012}


